@misc{gplv3,
    author       = {Free Software Foundation},
    title        = {{GNU} {G}eneral {P}ublic {L}icense},
    version      = {3},
	howpublished = {\url{http://www.gnu.org/licenses/gpl.html}},
    shorthand    = {GPL},
}

@misc{web-server-usage,
	author       = {w3tech},
	title        = {Usage of web servers for websites},
	howpublished = {\url{https://w3techs.com/technologies/overview/web_server/all}}
}

@misc{apache,
	author       = {Apache Software Foundation},
	title        = {Apache Software Foundation},
	howpublished = {\url{http://www.apache.org/}}
}

@misc{nodejs-trend,
	author       = {w3tech}, 
	title        = {Usage statistics and market share of Node.js for websites},
	howpublished = {\url{https://w3techs.com/technologies/details/ws-nodejs/all/all}}
}

@misc{acid,
	author       = {Graham Chen}, 
	title        = {Distributed transaction processing standars and their applications},
	howpublished = {\url{https://pdfs.semanticscholar.org/cf9d/45b49b276615e6c5d94a8ffaf163933c49a6.pdf}}
}

@misc{cap,
	author       = {Eric Brewer}, 
	title        = {Brewer's CAP Theorem},
	howpublished = {\url{http://www.julianbrowne.com/article/brewers-cap-theorem}}
}

@misc{pug,
	author       = {Pug}, 
	title        = {Pug template engine},
	howpublished = {\url{https://github.com/pugjs/pug}}
}

@misc{jade,
	author       = {Jade}, 
	title        = {Jade Lang},
	howpublished = {\url{jade-lang.com}}
}

@misc{bootstrap,
	author       = {Bootstrap}, 
	title        = {Bootstrap},
	howpublished = {\url{https://getbootstrap.com/}}
}

@misc{hack-week,
	author       = {Twitter}, 
	title        = {Hack Week},
	howpublished = {\url{https://blog.twitter.com/engineering/en_us/a/2010/hack-week.html}}
}

@misc{json,
	author       = {w3schools}, 
	title        = {JavaScript Object Notation},
	howpublished = {\url{https://www.w3schools.com/js/js_json_intro.asp}}
}

@misc{mongoose,
	author       = {Mongoose}, 
	title        = {Elegant mongodb object modeling for node.js},
	howpublished = {\url{http://mongoosejs.com/}}
}

@misc{agpl,
	author       = {Free Software Foundation}, 
	title        = {GNU Affero General Public License},
	howpublished = {\url{https://www.gnu.org/licenses/agpl-3.0.html}}
}

@misc{ansible,
	author       = {Ansible}, 
	title        = {Automation for everyone},
	howpublished = {\url{https://www.ansible.com/}}
}

@misc{passport,
	author       = {Passport.js}, 
	title        = {Simple, unobtrusive authentication for Node.js},
	howpublished = {\url{http://www.passportjs.org/}}
}

@misc{express,
	author       = {Express.js}, 
	title        = {Fast, unopinionated, minimalist web framework for Node.js},
	howpublished = {\url{http://expressjs.com/}}
}

@misc{blowfish,
	author       = {Bruce Schneier}, 
	title        = {Schneier on Security},
	howpublished = {\url{https://www.schneier.com/academic/blowfish/}}
}

@misc{rainbow,
	author       = {Philippe Oechslin}, 
	title        = {Making a Faster Cryptanalytical Time-Memory Trade-Off},
	howpublished = {\url{https://lasec.epfl.ch/~oechslin/publications/crypto03.pdf}}
}

@misc{gdpr,
	author       = {European Union}, 
	title        = {General Data Protection Regulation},
	howpublished = {\url{https://eur-lex.europa.eu/legal-content/EN/TXT/HTML/?uri=OJ:L:2016:119:FULL&from=EN}}
}

@inbook{software-engineering,
	author = {Ian Sommervile},
	title = {Software Engineering},
	bookTitle = {Software Engineering},
	year = 2016,
	publisher = {Springer International Publishing},
	isbn = {0-321-31379-8},
}

@misc{nodejs,
	author       = {Node.js Foundation}, 
	title        = {Node.js},
	howpublished = {\url{https://nodejs.org/es/}}
}

@misc{npm,
	author       = {npm, Inc.}, 
	title        = {Build amazing things},
	howpublished = {\url{https://www.npmjs.com/}}
}

@misc{carbone,
	author       = {Carbone}, 
	title        = {Carbone},
	howpublished = {\url{https://carbone.io/designer-documentation.html}}
}

@misc{canvas,
	author       = {w3schools}, 
	title        = {HTML5 Canvas},
	howpublished = {\url{https://www.w3schools.com/html/html5_canvas.asp}}
}

@misc{supertest,
	author       = {visionmedia}, 
	title        = {Super-agent driven library for testing node.js HTTP servers using a fluent API},
	howpublished = {\url{https://github.com/visionmedia/supertest}}
}

@misc{travis-ci,
	author       = {Travis CI}, 
	title        = {Test and Deploy with Confidence},
	howpublished = {\url{https://travis-ci.org/}}
}

@misc{ubuntu-usage,
	author       = {w3techs}, 
	title        = {Usage statistics and market share of Linux for websites},
	howpublished = {\url{https://w3techs.com/technologies/details/os-linux/all/all}}
}

@misc{gespol,
	author       = {GESPOL}, 
	title        = {GESPOL Security and Safety Systems},
	howpublished = {\url{http://bilbo2.servebbs.net:9980/gespolweb/index.php/}}
}

@misc{appolo,
	author       = {almerimatik}, 
	title        = {Appolo, aplicación integral para Cuerpos de Policía Local},
	howpublished = {\url{http://www2.almerimatik.es/appolo/}}
}

@misc{scrum,
	author       = {Scrum Manager}, 
	title        = {Troncal I. Scrum Master},
	howpublished = {\url{http://scrummanager.net/files/scrum_manager.pdf}}
}

@misc{vagrant,
	author       = {HashiCorp}, 
	title        = {Development Environments Made Easy},
	howpublished = {\url{https://www.vagrantup.com/}}
}

@misc{passport-func,
	author       = {centuryLink}, 
	title        = {Authentication with passport.js},
	howpublished = {\url{https://www.ctl.io/developers/blog/post/build-user-authentication-with-node-js-express-passport-and-mongodb}}
}

@misc{image-unit-test,
	author       = {Martin Fowler}, 
	title        = {Unit test},
	howpublished = {\url{https://martinfowler.com/bliki/UnitTest.html}}
}

@misc{image-ci,
	author       = {FileCatalyst}, 
	title        = {Continuous integration diagram},
	howpublished = {\url{http://filecatalyst.com/wp-content/uploads/2014/12/Continuous-Integration-Diagram.png}}
}

@misc{image-node,
	author       = {Belisoft}, 
	title        = {PHP vs Nodejs},
	howpublished = {\url{https://belitsoft.com/php-development-services/php7-vs-nodejs}}
}

@misc{image-node-arch,
	author       = {Codeburst}, 
	title        = {All about Node.js},
	howpublished = {\url{https://codeburst.io/all-about-node-js-you-wanted-to-know-25f3374e0be7}}
}

@misc{image-mongoose,
	author       = {Medium}, 
	title        = {Introduction to Mongoose},
	howpublished = {\url{https://medium.freecodecamp.org/introduction-to-mongoose-for-mongodb-d2a7aa593c57}}
}

@misc{image-vagrant,
	author       = {Czerasz}, 
	title        = {Vagrant workflow},
	howpublished = {\url{http://czerasz.com/2015/01/06/vagrant-workflows/}}
}

@misc{image-ansible,
	author       = {RoyalCyber}, 
	title        = {Automation with Ansible},
	howpublished = {\url{http://blog.royalcyber.com/devops/new-level-of-automation-with-ansible/}}
}

@misc{,
	author       = {}, 
	title        = {},
	howpublished = {\url{}}
}

@misc{,
	author       = {}, 
	title        = {},
	howpublished = {\url{}}
}

@misc{,
	author       = {}, 
	title        = {},
	howpublished = {\url{}}
}

@misc{,
	author       = {}, 
	title        = {},
	howpublished = {\url{}}
}

@misc{IoT,
  author       = {María Gracia},
  title        = {¿{Q}ué es {IoT} {(Internet Of Things)}?},
  howpublished = {\url{https://www2.deloitte.com/es/es/pages/technology/articles/IoT-internet-of-things.html}},
  booktitle    = {Deloitte Spain},
  language     = {es}
}

@misc{HomePod,
	author       = {Apple}, 
	title        = {HomePod},
	howpublished = {\url{https://www.apple.com/es/homepod-2nd-generation/}}
}

@misc{U1,
	author       = {Craig Lloyd}, 
	title        = {Confirmed: Apple Developed Exclusive Tech for the U1 Ultra Wideband Radio},
	howpublished = {\url{https://es.ifixit.com/News/33257/inside-the-tech-in-apples-ultra-wideband-u1-chip}}
}

@misc{Handoff,
	author       = {Apple}, 
	title        = {Apple Handoff},
	howpublished = {\url{https://developer.apple.com/handoff/}}
}

@misc{AirPlay,
	author       = {Apple}, 
	title        = {Apple AirPlay},
	howpublished = {\url{https://www.apple.com/airplay/}}
}

@misc{google-nest,
	author       = {Google}, 
	title        = {Google Nest},
	howpublished = {\url{https://store.google.com/es/product/nest_audio?hl=es}}
}

@misc{amazon-echo,
	author       = {Ry Crist, Andrew Gebhart}, 
	title        = {Everything you need to know about the Amazon Echo },
	howpublished = {\url{https://www.cnet.com/home/smart-home/amazon-echo-alexa-everything-you-need-to-know/}}
}

@misc{google-cast,
	author       = {Google}, 
	title        = {Google Cast},
	howpublished = {\url{https://support.google.com/chromecastbuiltin/answer/6102923?hl=es}}
}

@misc{api-audio-capture,
	author       = {Google}, 
	title        = {Capture video and audio playback},
	howpublished = {\url{https://developer.android.com/guide/topics/media/av-capture}}
}

@misc{agile-manifiesto,
	author       = {Kent Beck and Mike Beedle and Arie van Bennekum and Alistair Cockburn and Ward Cunningham and Martin Fowler and James Grenning and Jim Highsmith and Andrew Hunt and Ron Jeffries and Jon Kern and Brian Marick and Robert C. Martin and Steve Mellor and Ken Schwaber and Jeff Sutherland andDave Thomas}, 
	title        = {Manifiesto por el Desarrollo Ágil de Software},
	howpublished = {\url{https://agilemanifesto.org/iso/es/manifesto.html}}
}

@misc{nativo-hibrido-generado,
	author       = {InnovaAge}, 
	title        = {Apps Hibridas vs Nativas vs Generadas. ¿Qué decisión tomar?},
	howpublished = {\url{https://www.innovaportal.com/innovaportal/v/696/1/innova.front/apps-hibridas-vs-nativas-vs-generadas-que-decision-tomar}}
}

@misc{lenguajes-nativos,
	author       = {Mati Presta}, 
	title        = {¿Qué lenguaje de programación se utiliza para el desarrollo de aplicaciones de Android?},
	howpublished = {\url{https://blog.back4app.com/es/que-lenguaje-de-programacion-se-utiliza-para-el-desarrollo-de-aplicaciones-de-android/}}
}

@misc{prioridad-kotlin,
	author       = {Android}, 
	title        = {Enfoque de prioridad de Kotlin en Android},
	howpublished = {\url{https://developer.android.com/kotlin/first?hl=es-419}}
}

@misc{clase-audiorecord,
	author       = {Android}, 
	title        = {AudioRecord. Android Developers},
	howpublished = {\url{https://developer.android.com/reference/android/media/AudioRecord}}
}

@misc{clase-mediaplayer,
	author       = {Android}, 
	title        = {MediaPlayer. Android Developers},
	howpublished = {\url{https://developer.android.com/reference/android/media/MediaPlayer}}
}

@misc{audio-pcm,
	author       = {B. Ludwig}, 
	title        = {PCM Audio},
	howpublished = {\url{https://planethifi.com/pcm-audio/}}
}

@misc{audio-samplerate,
	author       = {HoyGrabo}, 
	title        = {¿Qué es frecuencia de muestreo y profundidad de bits?},
	howpublished = {\url{https://hoygrabo.com/que-es-frecuencia-de-muestreo-y-profundidad-de-bits/}}
}

@misc{software-audacity,
	author       = {Audacity}, 
	title        = {Audacity},
	howpublished = {\url{https://www.audacityteam.org}}
}

@misc{java-SourceDataLine,
	author       = {Oracle}, 
	title        = {Interface SourceDataLine (Java Platform SE 8) - Oracle},
	howpublished = {\url{https://docs.oracle.com/javase/8/docs/api/javax/sound/sampled/SourceDataLine.html}}
}